<record><leader>00000cas a2200000 a 4500</leader><controlfield tag="001">8699505</controlfield><controlfield tag="008">820818d19751986nyuwr ne      0    0eng d</controlfield><controlfield tag="009">394</controlfield><datafield ind1=" " ind2=" " tag="010"><subfield code="a">sn 88074082 </subfield></datafield><datafield ind1=" " ind2=" " tag="040"><subfield code="a">YQR</subfield><subfield code="b">eng</subfield><subfield code="c">YQR</subfield><subfield code="d">NYS</subfield><subfield code="d">OCL</subfield><subfield code="d">OCLCQ</subfield></datafield><datafield ind1="1" ind2=" " tag="029"><subfield code="a">AU@</subfield><subfield code="b">000025829877</subfield></datafield><datafield ind1=" " ind2=" " tag="042"><subfield code="a">msc</subfield></datafield><datafield ind1="0" ind2="0" tag="245"><subfield code="a">South-east weekly &amp; Henrietta weekly journal.</subfield></datafield><datafield ind1="3" ind2="0" tag="246"><subfield code="a">South east weekly and Henrietta weekly journal</subfield></datafield><datafield ind1=" " ind2=" " tag="260"><subfield code="a">Rochester, N.Y. :</subfield><subfield code="b">[Post-Courier Pub.],</subfield><subfield code="c">1975-1986.</subfield></datafield><datafield ind1=" " ind2=" " tag="300"><subfield code="a">v. :</subfield><subfield code="b">ill. ;</subfield><subfield code="c">44 cm.</subfield></datafield><datafield ind1=" " ind2=" " tag="310"><subfield code="a">Weekly</subfield></datafield><datafield ind1="0" ind2=" " tag="362"><subfield code="a">Vol. 25, no. 25 (June 4, 1975)-v. 36, no. 26 (July 2, 1986).</subfield></datafield><datafield ind1=" " ind2="4" tag="651"><subfield code="a">Rochester (N.Y.)</subfield><subfield code="v">Newspapers.</subfield></datafield><datafield ind1=" " ind2="4" tag="651"><subfield code="a">Henrietta (N.Y.)</subfield><subfield code="v">Newspapers.</subfield></datafield><datafield ind1=" " ind2=" " tag="752"><subfield code="a">United States</subfield><subfield code="b">New York</subfield><subfield code="c">Monroe</subfield><subfield code="d">Rochester.</subfield></datafield><datafield ind1=" " ind2=" " tag="752"><subfield code="a">United States</subfield><subfield code="b">New York</subfield><subfield code="c">Monroe</subfield><subfield code="d">Henrietta.</subfield></datafield><datafield ind1="0" ind2="4" tag="780"><subfield code="t">South-east weekly journal</subfield><subfield code="w">(DLC)sn 88074805</subfield></datafield><datafield ind1="0" ind2="4" tag="780"><subfield code="t">Henrietta weekly journal</subfield><subfield code="w">(DLC)sn 88074083</subfield></datafield><datafield ind1="0" ind2="0" tag="785"><subfield code="t">Henrietta weekly journal (Rochester, N.Y. : 1986)</subfield><subfield code="w">(DLC)sn 88074075</subfield></datafield></record>